@article{deutch_2019,
	title = {Joint Allocation of Climate Control Mechanisms is the Cheapest Way to Reduce Global Climate Damage},
	url = {http://ceepr.mit.edu/publications/working-papers/706},
	urldate = {2020-03-08},
	journal = {MIT Center for Energy and Environmental Policy Research Working Paper Series},
	author = {Deutch, J. M.},
	month = aug,
	year = {2019},
}

@article{nordhaus2013dice,
  title={DICE 2013R: Introduction and userâ€™s manual},
  author={Nordhaus, William and Sztorc, Paul},
  journal={Yale University and the National Bureau of Economic Research, USA},
  year={2013}
}

@techreport{siegel2018roads,
  title={En-ROADS simulator reference guide},
  author={Siegel, Lori S and Homer, Jack and Fiddaman, Tom and McCauley, Stephanie and Franck, Travis and Sawin, Elizabeth and Jones, Andrew P and Sterman, John and Interactive, Climate},
  year={2018},
  institution={Technical Report}
}
