@report{Paris_2015,
	title = {Paris Agreement. Article 2(a)},
	url = {https://unfccc.int/process-and-meetings/the-paris-agreement/theparis-
agreement},
	urldate = {2020-04-30},
	author = {United Nations Framework Convention on Climate Change},
	year = {2015},
}

@misc{ParisAgreement2015,
  title={Paris Agreement. {A}rticle 2(a)},
  year={2015},
  howpublished = "\url{https://unfccc.int/process-and-meetings/the-paris-agreement/theparis-
agreement}",
  url = {https://unfccc.int/process-and-meetings/the-paris-agreement/theparis-
agreement},
  author={{U}nited {N}ations {F}ramework {C}onvention on {C}limate {C}hange},
}

@article{de2018strengthening,
  title={Strengthening and implementing the global response},
  author={de Coninck, Helen and Revi, Aromar and Babiker, Mustafa and Bertoldi, Paolo and Buckeridge, Marcos and Cartwright, Anton and Dong, Wenjie and Ford, James and Fuss, Sabine and Hourcade, J-C and others},
  year={2018},
  publisher={Intergovernmental Panel on Climate Change}
}

@article{revelle1965restoring,
  title={Restoring the quality of our environment: report of the environmental pollution panel. {A}tmospheric Carbon Dioxide},
  chapter={Atmospheric Carbon Dioxide},
  author={Revelle, R and Broecker, W and Craig, H and Kneeling, CD and Smagorinsky, J},
  journal={{President's Science Advisory Committee, United States, US Government Printing Office: Washington, DC}},
  year={1965}
}

@incollection{national1991policy,
  title={Policy implications of greenhouse warming},
  author={National Research Council and others},
  booktitle={Report of the Committee on Science, Engineering and Public Policy},
  pages={127},
  year={1991},
  publisher={National Academy Press Washington, DC}
}
